@article{agrawal2022parameter,
  title={Parameter analysis for guarding terrains},
  author={Agrawal, Akanksha and Kolay, Sudeshna and Zehavi, Meirav},
  journal={Algorithmica},
  volume={84},
  number={4},
  pages={961--981},
  year={2022},
  publisher={Springer}
}

